@article{Ioannidis2016,
author = {Ioannidis, Efthymios I. and Gani, Terry Z. H. and Kulik, Heather J.},
doi = {10.1002/jcc.24437},
issn = {01928651},
journal = {J. Comp. Chem.},
keywords = {chemical discovery,first‐principles simulation,high‐throughput screening,python,structure generation},
number = {22},
pages = {2106--2117},
title = {{molSimplify: A Toolkit for Automating Discovery in Inorganic Chemistry}},
url = {http://doi.wiley.com/10.1002/jcc.24437},
volume = {37},
year = {2016}
}
